@article{garfinkel2003,
    title={Remembrance of data passed: A study of disk sanitization practices},
    author={Garfinkel, Simson L and Shelat, Abhi},
    journal={IEEE Security \& Privacy},
    number={1},
    pages={17--27},
    year={2003},
    publisher={IEEE}
}

@Inbook{Brakerski2010,
    author="Brakerski, Zvika
        and Goldwasser, Shafi",
    editor="Rabin, Tal",
    chapter="Circular and Leakage Resilient Public-Key Encryption under Subgroup Indistinguishability",
    title="Advances in Cryptology -- CRYPTO 2010: 30th Annual Cryptology Conference, Santa Barbara, CA, USA, August 15-19, 2010. Proceedings",
    year="2010",
    publisher="Springer Berlin Heidelberg",
    address="Berlin, Heidelberg",
    pages="1--20",
    isbn="978-3-642-14623-7",
    doi="10.1007/978-3-642-14623-7_1",
    url="http://dx.doi.org/10.1007/978-3-642-14623-7_1"
}

@inproceedings{ill89,
    title={Pseudo-random generation from one-way functions},
    author={Impagliazzo, Russell and Levin, Leonid A and Luby, Michael},
    booktitle={Proceedings of the twenty-first annual ACM symposium on Theory of computing},
    pages={12--24},
    year={1989},
    organization={ACM}
}
